@inproceedings{2010-staking-claims,
 author = {Markstrum, Shane},
 title = {Staking Claims: A History of Programming Language Design Claims and Evidence: A Positional Work in Progress},
 booktitle = {Evaluation and Usability of Programming Languages and Tools},
 series = {PLATEAU '10},
 year = {2010},
 isbn = {978-1-4503-0547-1},
 location = {Reno, Nevada},
 pages = {7:1--7:5},
 articleno = {7},
 numpages = {5},
 doi = {10.1145/1937117.1937124},
 acmid = {1937124},
 publisher = {ACM},
 address = {New York, NY, USA},
 keywords = {claim-evidence correspondence, language design, language properties, metrics},
}
