@article{2013-Stefik-Siebert-Syntax,
 author = {Stefik, Andreas and Siebert, Susanna},
 title = {An Empirical Investigation into Programming Language Syntax},
 journal = {Trans. Comput. Educ.},
 issue_date = {November 2013},
 volume = {13},
 number = {4},
 month = nov,
 year = {2013},
 issn = {1946-6226},
 pages = {19:1--19:40},
 articleno = {19},
 numpages = {40},
 doi = {10.1145/2534973},
 acmid = {2534973},
 publisher = {ACM},
 address = {New York, NY, USA},
 keywords = {Novice Programmers, Programming Languages, Syntax},
}
