@inproceedings{2014-The-Programming-Language-Wars,
 author = {Stefik, Andreas and Hanenberg, Stefan},
 title = {The Programming Language Wars: Questions and Responsibilities for the Programming Language Community},
 booktitle = {Proceedings of the 2014 ACM International Symposium on New Ideas, New Paradigms, and Reflections on Programming \& Software},
 series = {Onward! 2014},
 year = {2014},
 isbn = {978-1-4503-3210-1},
 location = {Portland, Oregon, USA},
 pages = {283--299},
 numpages = {17},
 doi = {10.1145/2661136.2661156},
 acmid = {2661156},
 publisher = {ACM},
 address = {New York, NY, USA},
 keywords = {evidence standards, stability of the academic literature, the programming language wars},
}
