@ARTICLE{2017-Methodological-Irregularities-in-PL-Research,
author={Andreas Stefik and Stefan Hanenberg},
journal={Computer},
title={Methodological Irregularities in Programming-Language Research},
year={2017},
volume={50},
number={8},
pages={60-63},
keywords={investment;programming languages;social aspects of automation;software engineering;programming languages methodological irregularities;evidence standards;software investment;software engineering;Aftershock;software engineering;programming languages;evidence standards;empirical investigations;experimental design;What Works Clearinghouse;Consolidated Standards of Reporting Trials;CONSORT},
doi={10.1109/MC.2017.3001257},
ISSN={0018-9162},
month={},}
