@inproceedings{2018-Interdisciplinary-PL-Design,
 author = {Coblenz, Michael and Aldrich, Jonathan and Myers, Brad A. and Sunshine, Joshua},
 title = {Interdisciplinary Programming Language Design},
 booktitle = {Proceedings of the 2018 ACM SIGPLAN International Symposium on New Ideas, New Paradigms, and Reflections on Programming and Software},
 series = {Onward! 2018},
 year = {2018},
 isbn = {978-1-4503-6031-9},
 location = {Boston, MA, USA},
 pages = {133--146},
 numpages = {14},
 doi = {10.1145/3276954.3276965},
 acmid = {3276965},
 publisher = {ACM},
 address = {New York, NY, USA},
 keywords = {programming language design, programming language evaluation, user-centered design},
}
