@phdthesis{2020-PhD-User-Centerd-Design-of-Principled-PL,
  title={User-Centered Design of Principled Programming Languages},
  author={Coblenz, Michael J},
  year={2020},
  school={School of Computer Science, Carnegie Mellon University}
}
