@article{2002-web-based,
  title={A web-based support environment for software engineering experiments},
  author={Arisholm, Erik and Sjoeberg, Dag I. K. and Carelius, Gunnar J and Lindsj{\o}rn, Yngve},
  journal={Nord. J. Comput.},
  volume={9},
  number={1},
  pages={231--247},
  year={2002}
}
