@book{2007-Guide-to-Advanced-Empirical-SE,
  title={Guide to advanced empirical software engineering},
  author={Shull, Forrest and Singer, Janice and Sj{\o}berg, Dag IK},
  year={2007},
  publisher={Springer}
}
