@phdthesis{emerald:phd:norman-c-hutchinson,
  author       = {Norman C. Hutchinson},
  title        = {Emerald: An Object-Based Language for Distributed Programming},
  school       = {University of Washington},
  year         = 1987,
}
