@phdthesis{emerald:phd:eric-jul,
  author       = {Eric Jul},
  title        = {Object Mobility in a Distributed Object-Oriented System},
  school       = {University of Washington},
  year         = 1989,
}
