@phdthesis{emerald:phd:niels-christian-juul,
  author       = {Niels Christian Juul},
  title        = {Comprehensive, Concurrent, and Robust Garbage
Collection in the Distributed, Object-Based System Emerald},
  school       = {University of Copenhagen},
  year         = 1993,
}
