@article{2012-The-Year-of-the-MOOC,
  title={The Year of the MOOC},
  author={Pappano, Laura},
  journal={The New York Times},
  volume={2},
  number={12},
  pages={2012},
  year={2012}
}
