@article{2014-Jordan,
  title={Initial trends in enrolment and completion of massive open online courses},
  volume={15},
  DOI={10.19173/irrodl.v15i1.1651}, number={1}, journal={The International Review of Research in Open and Distributed Learning}, author={Jordan, Katy}, year={2014}, month={1} }
