@article{2015-Rebooting-MOOC-Research,
	author = {Reich, Justin},
	title = {Rebooting MOOC Research},
	volume = {347},
	number = {6217},
	pages = {34--35},
	year = {2015},
	doi = {10.1126/science.1261627},
	publisher = {American Association for the Advancement of Science},
	issn = {0036-8075},
%	URL = {https://science.sciencemag.org/content/347/6217/34},
%	eprint = {https://science.sciencemag.org/content/347/6217/34.full.pdf},
	journal = {Science}
}
