@article{2013-mobile-computation-offloading,
  title={A survey of computation offloading for mobile systems},
  author={Kumar, Karthik and Liu, Jibang and Lu, Yung-Hsiang and Bhargava, Bharat},
  journal={Mobile networks and Applications},
  volume={18},
  number={1},
  pages={129--140},
  year={2013},
  publisher={Springer}
}
