@book{2013-HCI-An-Empirical-Research-Perspective,
  title={Human-computer interaction: An empirical research perspective},
  author={MacKenzie, I Scott},
  year={2013},
  publisher={Morgan Kaufmann},
  isbn={978-0-12-405865-1}
}
