@article{2016-Assessing-the-gold-standard,
  title={Assessing the gold standardâ€”lessons from the history of RCTs},
  author={Bothwell, Laura E and Greene, Jeremy A and Podolsky, Scott H and Jones, David S and others},
  journal={The New England Journal of Medicine},
  volume={374},
  number={22},
  pages={2175--2181},
  year={2016}
}
