@article{2018-Understanding-and-misunderstanding-RCTs,
  title={Understanding and misunderstanding randomized controlled trials},
  author={Deaton, Angus and Cartwright, Nancy},
  journal={Social Science \& Medicine},
  volume={210},
  pages={2--21},
  year={2018},
  publisher={Elsevier}
}
