@report{ericsson-mobrep-2019-wef,
  title={Ericsson Mobility Report},%
  subtitle={Special Edition: World Economic Forum},%
  year={2019},%
  month={01},%
  url={https://www.ericsson.com/en/mobility-report/reports},%
}
