@ARTICLE{emerald:tse:1987,
author={A. Black and N. Hutchinson and E. Jul and H. Levy and L. Carter},
journal={IEEE Transactions on Software Engineering},
title={Distribution and Abstract Types in Emerald},
year={1987},
volume={SE-13},
number={1},
pages={65-76},
keywords={Abstract data types;distributed operating system;distributed programming;object-oriented programming;process migration;type checking;Computer languages;Programming profession;Object oriented modeling;Prototypes;Operating systems;Object oriented programming;Local area networks;Workstations;Art;Packaging;Abstract data types;distributed operating system;distributed programming;object-oriented programming;process migration;type checking},
doi={10.1109/TSE.1987.232836},
ISSN={0098-5589},
month={01},}
