@article{emerald:tocs:1988,
 author = {Jul, Eric and Levy, Henry and Hutchinson, Norman and Black, Andrew},
 title = {Fine-Grained Mobility in the Emerald System},
 journal = {ACM Trans. Comput. Syst.},
 issue_date = {Feb. 1988},
 volume = {6},
 number = {1},
 month = feb,
 year = {1988},
 issn = {0734-2071},
 pages = {109--133},
 numpages = {25},
 doi = {10.1145/35037.42182},
 acmid = {42182},
 publisher = {ACM},
 address = {New York, NY, USA},
}
