@article{2018-Ericsson-TechReview-Distributed-Cloud,
  title={Distributed cloud – a key enabler of automotive and industry 4.0 use cases},
  year={2018},
  month={11},
  journaltitle={Ericsson Technology Review},
  author={Christer Boberg and Malgorzata Svensson and Benedek Kovács}
}
