@article{2019-ETSI-Developing-Software-for-MEC,
  title={Developing Software for Multi-Access Edge Computing (2nd ed.)},
  author={Dario Sabella and Vadim Sukhomlinov and Linh Trang and Sami Kekki and Pietro Paglierani and Ralf Rossbach and Xinhui Li and
Yonggang Fang and Dan Druta and Fabio Giust and Luca Cominardi and Walter Featherstone and Bob Pike and Shlomi Hadad},
  journal={ETSI White Paper},
  number={20},
  year={2019},
  note={European Telecommunications Standards Institute},
  isbn={979-10-92620-29-0},
  url={https://www.etsi.org/images/files/ETSIWhitePapers/etsi_wp20ed2_MEC_SoftwareDevelopment.pdf}
}

