@inproceedings{1973-Actors,
  title={A Universal Modular ACTOR Formalism for Artificial Intelligence},
  author={Hewitt, Carl and Bishop, Peter and Steiger, Richard},
  booktitle={Proceedings of the Third International Joint Conference on Artificial Intelligence (IJCAI)},
  volume={3},
  pages={235--245},
  year={1973},
  organization={Stanford Research Institute}
}
