@article{2016-MEC-An-important-ingredient-of-5G-networks,
  title={Mobile edge computingâ€”An important ingredient of 5G networks},
  author={Gupta, Lav and Jain, Raj and Chan, H. Anthony},
  journal={IEEE Software Defined Networks Newsletter},
  year={2016},
  url={https://sdn.ieee.org/newsletter/march-2016/mobile-edge-computing-an-important-ingredient-of-5g-networks}
}
