@ARTICLE{2016-Central-office-re-architectured-as-a-data-center,
  author={L. {Peterson} and A. {Al-Shabibi} and T. {Anshutz} and S. {Baker} and A. {Bavier} and S. {Das} and J. {Hart} and G. {Palukar} and W. {Snow}},
  journal={IEEE Communications Magazine}, 
  title={Central office re-architected as a data center}, 
  year={2016},
  volume={54},
  number={10},
  pages={96--101},
  doi={10.1109/MCOM.2016.7588276}
}
