@book{2020-5g-systems-approach,
  title={5G Mobile Networks: A Systems Approach},
  author={Larry Peterson and Oguz Sunay},
  note={Source: \url{https://github.com/SystemsApproach/5G}. License: CC BY-NC-ND 4.0.},
  year={2020},
  url={https://5g.systemsapproach.org/}
}
