@phdthesis{2020-Edge-Computing-for-Extreme-Reliability-and-Scalability,
  title={Edge Computing for Extreme Reliability and Scalability},
  author={Scotece, Domenico},
  year={2020},
  school={Universit√† di Bologna}
}
