@thesis{2003-PhD-Armstrong,
  title={Making reliable distributed systems in the presence of
software errors},
  author={Joe Armstrong},
  type={PhD Dissertation},
  institution={Kungl Tekniska H\"ogskolan; Swedish Institute of
Computer Science},
  year={2003},
  month={12}
}

