@book{2008-Seven-Rules-for-Social-Research,
  title={Seven Rules for Social Research},
  author={Firebaugh, Glenn},
  publisher={Princeton University Press},
  year={2008},
  isbn={978-0-691-13567-0}
}
