@ARTICLE{1984-Linda-and-Friends,
  author={ {Ahuja} and  {Carriero} and  {Gelernter}},
  journal={Computer}, 
  title={Linda and Friends}, 
  year={1986},
  volume={19},
  number={8},
  pages={26-34},
  abstract={},
  keywords={Parallel processing;Parallel programming;Kernel;Programming profession;Parallel machines;Concurrent computing;Parallel languages;Hypercubes;Mood;Debugging},
  doi={10.1109/MC.1986.1663305},
  ISSN={1558-0814},
  month={8},}
