@inproceedings{2008-Greening-the-Internet,
author = {Valancius, Vytautas and Laoutaris, Nikolaos and Massouli\'{e}, Laurent and Diot, Christophe and Rodriguez, Pablo},
title = {Greening the Internet with Nano Data Centers},
year = {2009},
isbn = {9781605586366},
publisher = {ACM},
address = {New York, NY, USA},
doi = {10.1145/1658939.1658944},
booktitle = {Proceedings of the 5th International Conference on Emerging Networking Experiments and Technologies},
pages = {37–48},
numpages = {12},
keywords = {nano data centers, data centers, video streaming, energy efficiency},
location = {Rome, Italy},
series = {CoNEXT ’09}
}
