@ARTICLE{2011-Distributed-Cloud,
  author={P. T. {Endo} and A. V. {de Almeida Palhares} and N. N. {Pereira} and G. E. {Goncalves} and D. {Sadok} and J. {Kelner} and B. {Melander} and J. {Mangs}},
  journal={IEEE Network}, 
  title={Resource allocation for distributed cloud: concepts and research challenges}, 
  year={2011},
  volume={25},
  number={4},
  pages={42-46},}
