@inproceedings{2012-Fog-Computing-and-Its-Role-in-IoT,
author = {Bonomi, Flavio and Milito, Rodolfo and Zhu, Jiang and Addepalli, Sateesh},
title = {Fog Computing and Its Role in the Internet of Things},
year = {2012},
isbn = {9781450315197},
publisher = {ACM},
address = {New York, NY, USA},
doi = {10.1145/2342509.2342513},
booktitle = {Proceedings of the First Edition of the MCC Workshop on Mobile Cloud Computing},
pages = {13–16},
numpages = {4},
keywords = {software defined networks, real time systems, analytics, wsan, cloud computing, fog computing, iot},
location = {Helsinki, Finland},
series = {MCC ’12}
}
