@article{2015-ETSI-MEC-A-key-tech-towards-5G,
  title={Mobile Edge Computing --- A key technology towards 5G},
  author={Hu, Yun Chao and Patel, Milan and Sabella, Dario and Sprecher, Nurit and Young, Valerie},
  journal={ETSI White Paper},
  number={11},
  pages={1--16},
  year={2015},
  note={European Telecommunications Standards Institute},
  url={https://www.etsi.org/images/files/ETSIWhitePapers/etsi_wp11_mec_a_key_technology_towards_5g.pdf}
}
