@article{2015-Distributed-Cloud-Dagstuhl,
  author={Yvonne Coady and Oliver Hohlfeld and James Kempf and Rick
McGeer and Stefan Schmid},%
  title={Distributed Cloud Computing: Applications, Status Quo, and
Challenges},%
  subtitle={Report on Dagstuhl Seminar 15072},%
  journaltitle={ACM SIGCOMM Computer Communication Review},%
  volume={45},%
  number={2},%
  month={4},%
  year={2015},%
  pages={38--43},%
  % This is an editorial note that has not been peer-reviewed.
}
