@online{2016-TelecomTV-MEC,
  author={TelecomTV},
  title={Edge Computing prepares for a Multi-access future},
  url={https://www.youtube.com/watch?v=OaxjWClmZi4},
  year={2016},
  month={9}
}
