@online{akka2018,
  title={Akka},
  author={Lightbend Inc.},
  date={2018-01-03},
  url={https://akka.io/}
}

@article{almes1985eden,
  title={{The} {Eden} system: {A} technical review},
  author={Almes, Guy T. and Black, Andrew P. and Lazowska, Edward D.
and Noe, Jerre D.},
  journal={IEEE Transactions on Software Engineering},
  number={1},
  pages={43--59},
  year={1985},
  publisher={IEEE}
}

@unpublished{apnes2017notes,
  title={{Notes} on {Theory} of {Distributed} {Systems}},
  author={James Apnes},
  year={Fall, 2017},
  url={http://cs-www.cs.yale.edu/homes/aspnes/classes/465/notes.pdf},
  note={Yale University. CPSC 465/565: Theory of Distributed Systems}
}

@thesis{armstrong2003making,
  title={Making reliable distributed systems in the presence of
software errors},
  author={Joe Armstrong},
  type={PhD Dissertation},
  institution={Kungl Tekniska H\"ogskolan; Swedish Institute of
Computer Science},
  year={2003},
  month={12}
}

@report{bernstein2014orleans,
  title={{Orleans}: {Distributed} {Virtual} {Actors} for
{Programmability} and {Scalability}},
  author={Bernstein, Philip A and Bykov, Sergey and Geller, Alan and
Kliot, Gabriel and Thelin, Jorgen},
  institution={Microsoft Research},
  isrn={MSR-TR-2014--41},
  year={2014}
}

@article{birrell1984implementing,
  title={{Implementing} {Remote} {Procedure} {Calls}},
  author={Birrell, Andrew D and Nelson, Bruce Jay},
  journal={ACM Transactions on Computer Systems (TOCS)},
  volume={2},
  number={1},
  pages={39--59},
  year={1984},
  publisher={ACM}
}

@article{black1987distribution,
  title={{Distribution} and {Abstract} {Types} in {Emerald}},
  author={Black, Andrew and Hutchinson, Norman and Jul, Eric and Levy,
Henry and Carter, Larry},
  journal={IEEE Transactions on Software Engineering},
  number={1},
  pages={65--76},
  year={1987},
  publisher={IEEE}
}

@inproceedings{black2007development,
  title={{The} {Development} of the {Emerald} {Programming}
{Language}},
  author={Black, Andrew P and Hutchinson, Norman C and Jul, Eric and
Levy, Henry M},
  booktitle={Proceedings of the third ACM SIGPLAN conference on
History of programming languages},
  pages={11--1},
  year={2007},
  organization={ACM}
}

@inproceedings{burns2016design,
  author = {Brendan Burns and David Oppenheimer},
  title = {{Design} {Patterns} for {Container}-based {Distributed}
{Systems}},
  booktitle = {8th {USENIX} Workshop on Hot Topics in Cloud Computing
(HotCloud 16)},
  year = {2016},
  address = {Denver, CO},
  url = {https://www.usenix.org/conference/hotcloud16/workshop-program/presentation/burns},
  publisher = {{USENIX} Association},
}

@inproceedings{caliskan2015anonymizing,
  title={{De-anonymizing} {Programmers} via {Code} {Stylometry}},
  author={Caliskan-Islam, Aylin and Harang, Richard and Liu, Andrew
and Narayanan, Arvind and Voss, Clare and Yamaguchi, Fabian and
Greenstadt, Rachel},
  booktitle={24th USENIX Security Symposium (USENIX Security),
Washington, DC},
  year={2015}
}

@inproceedings{caliskan2018when,
  title={{When} {Coding} {Style} {Survives} {Compilation}:
{De-anonymizing} {Programmers} from {Executable} {Binaries}},
  author={Caliskan-Islam, Aylin and Yamaguchi, Fabian and Dauber,
Edwin and Harang, Richard and Rieck, Konrad and Greenstadt, Rachel and
Narayanan, Arvind},
  booktitle={Network and Distributed System Security (NDSS)
Symposium.},
  year={2018}
}

@online{dagstuhl18061,
  title={{Evidence} {About} {Programmers} for {Programming} {Language}
{Design}},
  author={Dagstuhl Seminar 18061},
  year={2018},
  month={2},
  url={http://www.dagstuhl.de/18061}
}

@article{economist2018cars,
  title={{Reinventing wheels}},
  journaltitle={The Economist},
  journalsubtitle={Special Report},
  year={2018},
  month={3},
  day={1},
  url={https://www.economist.com/news/special-report/21737418-driverless-vehicles-will-change-world-just-cars-did-them-what-went-wrong}
}

@article{economist2017drones,
  title={{Civilian} {Drones}},
  journaltitle={The Economist},
  journalsubtitle={Technology Quarterly},
  year={2017},
  month={6},
  day={8},
  url={https://www.economist.com/technology-quarterly/2017-06-08/civilian-drones}
}

@article{economist2017jets,
  title={{Tiny} robots will inspect and fix
jet engines from the inside},
  titleaddon={{Robotic} mechanics can go anywhere},
  journaltitle={The Economist},
  year={2017},
  month={9},
  day={30},
  url={https://www.economist.com/news/science-and-technology/21729737-robotic-mechanics-can-go-anywhere-tiny-robots-will-inspect-and-fix-jet-engines}
}

@article{epperly2012high,
  title={{High}-performance language interoperability for scientific
computing through {Babel}},
  author={Epperly, Thomas Gw and Kumfert, Gary and Dahlgren, Tamara
and Ebner, Dietmar and Leek, Jim and Prantl, Adrian and Kohn, Scott},
  journal={The International Journal of High Performance Computing
Applications},
  volume={26},
  number={3},
  pages={260--274},
  year={2012},
  publisher={Sage Publications Sage UK: London, England},
}

@inproceedings{epstein2011towards,
  title={{Towards} {Haskell} in the {Cloud}},
  author={Epstein, Jeff and Black, Andrew P and Peyton-Jones, Simon},
  booktitle={ACM SIGPLAN Notices},
  volume={46},
  number={12},
  pages={118--129},
  year={2011},
  organization={ACM}
}

@inproceedings{felter2015updated,
  title={{An} {Updated} {Performance} {Comparison} of {Virtual}
{Machines} and {Linux} {Containers}},
  author={Felter, Wes and Ferreira, Alexandre and Rajamony, Ram and
Rubio, Juan},
  booktitle={Performance Analysis of Systems and Software (ISPASS),
IEEE International Symposium},
  pages={171--172},
  year={2015},
  organization={IEEE}
}

@online{grpc2018,
  title={gRPC},
  author={The gRPC Authors},
  date={2018-01-23},
  url={https://grpc.io/}
}

@inproceedings{hewitt1973session,
  title={{A} {Universal} {Modular} {ACTOR} {Formalism} for
{Artificial} {Intelligence}},
  note={Session 8: Formalisms for artificial intelligence},
  author={Hewitt, Carl and Bishop, Peter and Steiger, Richard},
  booktitle={Advance Papers of the Conference},
  volume={3},
  pages={235},
  year={1973},
  organization={Stanford Research Institute}
}

@unpublished{miller2017dist-prog-book,
  title={{Programming} {Models} for {Distributed} {Computation}},
  author={Heather Miller et al.},
  year={2017},
  url={https://github.com/heathermiller/dist-prog-book},
  note={Northeastern University. CS7680 Special Topics in Computing
Systems.}
}

@unpublished{morris2017notes,
  title={6.824: {Distributed} {Systems}},
  author={Morris, Robert and Kaashoek, Frans},
  year={Spring, 2017},
  url={http://nil.csail.mit.edu/6.824/2017/schedule.html},
  note={MIT}
}

@article{ng2017smartfarming,
  title={{This} {Tiny} {Country} (ed. {Holland}) {Feeds} {The}
{World}},
  author={Frank Viviano},
  journal={National Geographic},
  year={2017},
  month={9},
  url={https://www.nationalgeographic.com/magazine/2017/09/holland-agriculture-sustainable-farming/}
}

@report{slee2007thrift,
  title={Thrift: Scalable cross-language services implementation},
  author={Slee, Mark and Agarwal, Aditya and Kwiatkowski, Marc},
  institution={Facebook},
  year={2007}
}

@article{spiegel2016industrie,
  title={{Industrie} 4.0: {Warum} manchen {Robotern}
{Arbeitslosig\-keit} droht},
  author={Andreas Albert},
  journal={Der Spiegel},
  year={2016},
  month={3},
  url={http://www.spiegel.de/netzwelt/web/industrie-4-0-cebit-schlagwort-praktisch-erklaert-a-1080296.html}
}

@article{spiegel2017industrie,
  title={{Industrie} 4.0 - der {Mittelstand} kommt nicht hinterher},
  author={Alexander Jung},
  journal={Der Spiegel},
  year={2017},
  month={4},
  url={http://www.spiegel.de/spiegel/digitale-zukunft-industrie-4-0-der-mittelstand-kommt-nicht-hinterher-a-1144339.html}
}

@report{weforum2018futureofjobs,
  title={{The} {Future} of {Jobs}},
  institution={World Economic Forum},
  type={{Global} {Challenge} {Insight} {Report}},
  subtitle={{Employment}, {Skills} and {Workforce} {Strategy} for the
{Fourth} {Industrial} {Revolution}},
  year={2016},
  month={1},
  url={http://reports.weforum.org/future-of-jobs-2016/}
}

