@manual{erlang:1999:spec,
  author = {Jonas Barklund and Robert Virding},
  organization = {Ericsson Telecom AB},
  title={{E}rlang 4.7.3 Reference Manual},
  version={Draft (0.7)},
  date={1999-02-09},
  url={http://www.erlang.org/download/erl_spec47.ps.gz},
  urldate={2019-10-24},
}
