@inproceedings{erlang:erlang:2001:core-intro,
  title={An introduction to Core Erlang},
  author={Carlsson, Richard},
  month={09},
  year={2001},
  address={Florence, Italy},
  booktitle={Erlang Workshop},
  note={In connection with PLI}
}
