@techreport{erlang:2004:core-spec,
  author = {Richard Carlsson and Bj{\"o}rn Gustavsson and Erik Johansson and Thomas Lindgren and Sven-Olof Nystr{\"o}m andMikael Pettersson and Robert Virding},
  title={Core {E}rlang 1.0.3 language specification},
  institution	= {Department of Information Technology, Uppsala University},
  department	= {Computing Science Division},
  date={2004-11-26},
  url={https://www.it.uu.se/research/group/hipe/cerl/doc/core_erlang-1.0.3.pdf},
  urldate={2019-10-24},
  note={Unpublished}
}
