@inproceedings{erlang:hopl:2007,
 author = {Armstrong, Joe},
 title = {A History of Erlang},
 booktitle = {Proceedings of the Third ACM SIGPLAN Conference on History of Programming Languages},
 series = {HOPL III},
 year = {2007},
 isbn = {978-1-59593-766-7},
 location = {San Diego, California},
 pages = {6-1--6-26},
 doi = {10.1145/1238844.1238850},
 acmid = {1238850},
 publisher = {ACM},
 address = {New York, NY, USA},
} 
