@online{erlang:2018:The-Erlang-Runtime-System,
  title = {The Erlang Runtime System},
  author = {Stenman, Erik and others},
  year = {2018},
  month = {08},
  day = {26},
  version = {0.0.9},
  url = {https://github.com/happi/theBeamBook/releases/download/0.0.9/beam-book.pdf}
}
