@manual{erlang:2019:Dialyzer,
  title={Dialyzer},
  date={2019-03-11},
  publisher={Ericsson AB},
  version={3.3.2},
  url={http://erlang.org/doc/apps/dialyzer/dialyzer.pdf},
  urldate={2019-04-24}
}
