@manual{erlang:2019:Erlang-OTP,
  title={Erlang/OTP System Documentation},
  date={2019-03-11},
  publisher={Ericsson AB},
  version={10.3},
  url={http://erlang.org/doc/pdf/otp-system-documentation.pdf},
  urldate={2019-04-17}
}
